Journals:

@string{ ACHA            = "Appl. Comput. Harm. Anal."}
@string{ ANNM            = "Ann. of Math."}
@string{ ANNMS           = "Ann. of Math. Statist."}
@string{ ANNP            = "Ann. Probab."}
@string{ BSTJ            = "Bell Syst. Tech. J."}
@string{ CACM            = "Comm. ACM"}
@string{ CCR             = "Comp. Comm. Rev."}
@string{ Computer        = "Computer"}
@string{ IEEE-Proc       = "Proc. IEEE"}
@string{ IRE-Proc        = "Proc. IRE"}
@string{ IEEE-Network    = "IEEE Network"}
@string{ IEEE-JSAC       = "IEEE J. Sel. Areas Comm."}
@string{ IEEE-SP-Let     = "IEEE Sig. Proc. Let."}
@string{ IEEE-SP-Mag     = "IEEE Sig. Proc. Mag."}
@string{ IEEE-Trans-AC   = "IEEE Trans. Automat. Control"}
@string{ IEEE-Trans-ASSP = "IEEE Trans. Acoust. Speech Signal Proc."} 
@string{ IEEE-Trans-CE   = "IEEE Trans. Consum. Electron."}
@string{ IEEE-Trans-CS   = "IEEE Trans. Circuits Syst."}
@string{ IEEE-Trans-CS2  = "IEEE Trans. Circuits Syst.--II: Anal. Dig. Sig. Proc."}
@string{ IEEE-Trans-CSVT = "IEEE Trans. Circuits Syst. Video Technol."}
@string{ IEEE-Trans-Comm = "IEEE Trans. Comm."}
@string{ IEEE-Trans-CommSys = "IEEE Trans. Commun. Syst."}
@string{ IEEE-Trans-Comp = "IEEE Trans. Comp."}
@string{ IEEE-Trans-IM   = "IEEE Trans. Intrum. Meas."}
@string{ IEEE-Trans-IP   = "IEEE Trans. Image Proc."}
@string{ IEEE-Trans-IT   = "IEEE Trans. Inform. Th."}
@string{ IRE-Trans-IT    = "IRE Trans. Inform. Th."}
@string{ IEEE-Trans-Mm   = "IEEE Trans. Multimedia"}
@string{ IEEE-ACM-Network = "IEEE/ACM Trans. Networking"}
@string{ IEEE-ITSoc-News = "IEEE Inform. Th. Soc. Newsletter"}
@string{ IEEE-Trans-PAMI = "IEEE Trans. Pattern Anal. and Mach. Int."}
@string{ IEEE-Trans-SAP  = "IEEE Trans. Speech Audio Proc."}
@string{ IEEE-Trans-SP   = "IEEE Trans. Signal Proc."}
@string{ IEEE-Trans-SMC  = "IEEE Trans. on Syst. Man and Cybernetics"}
@string{ IEEE-Trans-SMC3 = "IEEE Trans. on Syst. Man and
                            Cybernetics--Pt.\ C: Appl. \& Rev."}
@string{ JASA            = "J. Amer. Stat. Assoc."}
@string{ JFAA            = "J. Fourier Anal. Appl."}
@string{ PAMS            = "Proc. Amer. Math. Soc."}
@string{ PPI             = "Probl. Peredach. Inform."}
@string{ SP              = "Signal Proc."}
@string{ TAMS            = "Trans. Amer. Math. Soc."}
@string{ TPA             = "Theory Probab. Appl."}

Conferences:

@string{ asilomar   = "Conf. Rec. Asilomar Conf. on Sig., Sys. \& Computers"}
@string{ asilomar-loc = "Pacific Grove, CA"}
@string{ acc        = "Proc. IEEE Amer. Contr. Conf."}
@string{ cdc        = "Proc. IEEE Conf. Dec. \& Contr."}
@string{ ciss            = "Proc. Conf. on Inform. Sci. \& Sys."}
@string{ dcc             = "Proc. IEEE Data Compression Conf."}
@string{ dcc-eds         = ""}
@string{ dcc-pub         = ""}
@string{ dcc-loc         = "Snowbird, Utah"}
@string{ icaos96         = "Proc. 12th Int. Conf. Anal. \& Opt. of Sys.: Images, Wavelets \& PDE's"}
@string{ icassp     = "Proc. IEEE Int. Conf. Acoust., Speech, and Signal Proc."}
@string{ icc        = "Proc. IEEE Int. Conf. Comm."}
@string{ icip       = "Proc. IEEE Int. Conf. Image Proc."}
@string{ isit       = "Proc. IEEE Int. Symp. Inform. Th."}
@string{ ist-spie        = "Proc. IS~\&~T/SPIE"}
@string{ nossdav98       = "Proc. 8th Int. Workshop Netw. Operating Syst. Supp.
                            for Dig. Aud. Vid. (NOSSDAV)"}
@string{ nossdav99       = "Proc. 9th Int. Workshop Netw. Operating Syst. Supp.
                            for Dig. Aud. Vid. (NOSSDAV)"}
@string{ vcip            = "Proc. SPIE Conf. on Vis. Commun. and Image Proc."}
@string{ wavx            = "Proc. Wavelets: Appl. in Sig. \& Image Proc. X,
                            part of SPIE Int. Symp. on Optical Sci. \& Tech."}

         { dcc-eds         = "J. A. Storer and M. Cohn"}
         { dcc-pub         = "IEEE Comp. Soc. Press"}

Other:

@STRING{ kluwer          = "Kluwer Acad. Pub."}
@STRING{ icsi            = "Int. Comp. Sci. Instit."}

@preamble{ "\newcommand{\SortNoop}[1]{} " }

------------------------------------------------------------------------
 
@ARTICLE{Article,
        AUTHOR =        {},
        TITLE =         {},
        JOURNAL =       {},
        Volume =        {},
        Number =        {},
        Pages =         {},
        Month =         {},
        YEAR =          {},
        Note =          {},
        summary =       {}
        }
@BOOK{Book,
        AUTHOR =        {},
        editor =        {},
        TITLE =         {},
        PUBLISHER =     {},
        YEAR =          {},
        Volume =        {},
        number =        {},
        Series =        {},
        Address =       {},
        Edition =       {},
        Month =         {},
        Note =          {},
        summary =       {}
        }
@BOOKLET{Booklet,
        TITLE =         {},
        Author =        {},
        Howpublished =  {},
        Address =       {},
        Month =         {},
        Year =          {},
        Note =          {},
        summary =       {}
        }
@INBOOK{Inbook,
        AUTHOR =        {},
        editor =        {},
        TITLE =         {},
        CHAPTER =       {},
        pages =         {},
        PUBLISHER =     {},
        YEAR =          {},
        Volume =        {},
        number =        {},
        Series =        {},
        Type =          {},
        Address =       {},
        Edition =       {},
        Month =         {},
        Note =          {},
        summary =       {}
        }
@INCOLLECTION{Incollection,
        AUTHOR =        {},
        TITLE =         {},
        BOOKTITLE =     {},
        PUBLISHER =     {},
        YEAR =          {},
        Editor =        {},
        Volume =        {},
        number =        {},
        Series =        {},
        Type =          {},
        Chapter =       {},
        Pages =         {},
        Address =       {},
        Edition =       {},
        Month =         {},
        Note =          {},
        summary =       {}
        }
@INPROCEEDINGS{Inproceedings,
        AUTHOR =        {},
        TITLE =         {},
        BOOKTITLE =     {},
        YEAR =          {},
        Editor =        {},
        Volume =        {},
        number =        {},
        Series =        {},
        Pages =         {},
        Address =       {},
        Month =         {},
        Organization =  {},
        Publisher =     {},
        Note =          {},
        summary =       {}
        }
@MANUAL{Manual,
        TITLE =         {},
        Author =        {},
        Organization =  {},
        Address =       {},
        Edition =       {},
        Month =         {},
        Year =          {},
        Note =          {},
        summary =       {}
        }
@MASTERSTHESIS{Mastersthesis,
        AUTHOR =        {},
        TITLE =         {},
        SCHOOL =        {},
        YEAR =          {},
        Type =          {},
        Address =       {},
        Month =         {},
        Note =          {},
        summary =       {}
        }
@MISC{Misc,
        Author =        {},
        Title =         {},
        Howpublished =  {},
        Month =         {},
        Year =          {},
        Note =          {},
        summary =       {}
        }
@PHDTHESIS{Phdthesis,
        AUTHOR =        {},
        TITLE =         {},
        SCHOOL =        {},
        YEAR =          {},
        Type =          {},
        Address =       {},
        Month =         {},
        Note =          {},
        summary =       {}
        }
@PROCEEDINGS{Proceedings,
        TITLE =         {},
        YEAR =          {},
        Editor =        {},
        Volume =        {},
        number =        {},
        Series =        {},
        Address =       {},
        Month =         {},
        Organization =  {},
        Publisher =     {},
        Note =          {},
        summary =       {}
        }
@TECHREPORT{Techreport,
        AUTHOR =        {},
        TITLE =         {},
        INSTITUTION =   {},
        YEAR =          {},
        Type =          {},
        Number =        {},
        Address =       {},
        Month =         {},
        Note =          {},
        summary =       {}
        }
@UNPUBLISHED{Unpublished,
        AUTHOR =        {},
        TITLE =         {},
        NOTE =          {},
        Month =         {},
        Year =          {},
        summary =       {}
        }

------------------------------------------------------------------------

@BOOK{Higham:98,
        AUTHOR =        {N.J. Higham},
        TITLE =         {Handbook of Writing for Mathematical Sciences},
        PUBLISHER =     {SIAM},
        YEAR =          {1998}
        }

@Book{Strunk:00,
  author = 	 {W. Strunk~Jr. and E.B. White},
  title = 	 {Elements of Style},
  publisher = 	 {Longman},
  year = 	 {2000},
  edition = 	 {4th}
}

@Article{elidan2012residual,
  title={Residual belief propagation: Informed scheduling for asynchronous message passing},
  author={Elidan, Gal and McGraw, Ian and Koller, Daphne},
  journal={arXiv preprint arXiv:1206.6837},
  year={2012}
}

@article{Mooij_libDAI_10,
    author    = {Joris M. Mooij},
    title     = {lib{DAI}: A Free and Open Source {C++} Library for Discrete Approximate Inference in Graphical Models},
    journal   = {Journal of Machine Learning Research},
    year      = 2010,
    month     = Aug,
    volume    = 11,
    pages     = {2169-2173},
    url       = "http://www.jmlr.org/papers/volume11/mooij10a/mooij10a.pdf"
  }

@article{andres2012opengm,
  title={OpenGM: A C++ library for discrete graphical models},
  author={Andres, Bjoern and Beier, Thorsten and Kappes, J{\"o}rg H},
  journal={arXiv preprint arXiv:1206.0111},
  year={2012}
}

@inproceedings{Ha:2012:TRT:2396761.2398636,
 author = {Ha, Jiwoon and Kwon, Soon-Hyoung and Kim, Sang-Wook and Faloutsos, Christos and Park, Sunju},
 title = {Top-N Recommendation Through Belief Propagation},
 booktitle = {Proceedings of the 21st ACM International Conference on Information and Knowledge Management},
 series = {CIKM '12},
 year = {2012},
 isbn = {978-1-4503-1156-4},
 location = {Maui, Hawaii, USA},
 pages = {2343--2346},
 numpages = {4},
 url = {http://doi.acm.org/10.1145/2396761.2398636},
 doi = {10.1145/2396761.2398636},
 acmid = {2398636},
 publisher = {ACM},
 address = {New York, NY, USA},
 keywords = {belief propagation, data mining, top-n recommendation},
}
 
@INPROCEEDINGS{Ofenbeck:14,
AUTHOR = {Georg Ofenbeck and Ruedi Steinmann and Victoria Caparr{\'o}s Cabezas and Daniele G. Spampinato and Markus P{\"u}schel},
TITLE = {Applying the Roofline Model},
BOOKTITLE = {IEEE International Symposium on Performance Analysis of Systems and Software (ISPASS)},
PAGES = {76 -- 85},
YEAR = {2014}
}

@article{bailly2011finding,
  title={Finding undetected protein associations in cell signaling by belief propagation},
  author={Bailly-Bechet, Marc and Borgs, Christian and Braunstein, Alfredo and Chayes, J and Dagkessamanskaia, A and Fran{\c{c}}ois, J-M and Zecchina, Riccardo},
  journal={Proceedings of the National Academy of Sciences},
  volume={108},
  number={2},
  pages={882--887},
  year={2011},
  publisher={National Acad Sciences}
}

@INPROCEEDINGS{5373446,
author={Rennie, S.J. and Hershey, J.R. and Olsen, P.A.},
booktitle={Automatic Speech Recognition Understanding, 2009. ASRU 2009. IEEE Workshop on},
title={Hierarchical variational loopy belief propagation for multi-talker speech recognition},
year={2009},
month={Nov},
pages={176-181},
keywords={belief networks;hidden Markov models;inference mechanisms;probability;speech recognition;HMM;acoustic inference;hidden Markov model;hierarchical variational loopy belief propagation;hierarchical variational max-sum product algorithm;monaural speech separation task;multitalker speech recognition;probabilistic time-frequency mask;variational inference method;Automatic speech recognition;Belief propagation;Hidden Markov models;Humans;Inference algorithms;Loudspeakers;Natural languages;Speech coding;Speech recognition;Time frequency analysis;Iroquois;Max model;Speech separation;factorial hidden Markov models;loopy belief propagation;variational inference},
doi={10.1109/ASRU.2009.5373446},}

@INPROCEEDINGS{1544822,
author={Jue Wang and Cohen, M.F.},
booktitle={Computer Vision, 2005. ICCV 2005. Tenth IEEE International Conference on},
title={An iterative optimization approach for unified image segmentation and matting},
year={2005},
month={Oct},
volume={2},
pages={936-943 Vol. 2},
keywords={image segmentation;iterative methods;optimisation;background pixels;belief propagation;foreground pixels;image matting;image pixel opacity;image segmentation;iterative optimization;trimap;Bayesian methods;Belief propagation;Computer vision;Degradation;Image segmentation;Iterative methods;Optimization methods;Pixel;Statistical analysis;Statistics},
doi={10.1109/ICCV.2005.37},
ISSN={1550-5499},}


@ARTICLE{Smyth1997227,
author={Smyth, P. and Heckerman, D. and Jordan, M.I.},
title={Probabilistic independence networks for hidden Markov probability models},
journal={Neural Computation},
year={1997},
volume={9},
number={2},
pages={227-269},
note={cited By 100},
url={http://www.scopus.com/inward/record.url?eid=2-s2.0-0031568356&partnerID=40&md5=a0d7d8c4b5c17222e4ff6ce80f107351},
document_type={Review},
source={Scopus},
}

@MISC{intrinsics_guide,
        Author =        {Intel},
        Title =         {Intel Intrinsics Guide},
        Howpublished =  {online},
        Note =          {Accessed: 2015-06-12},
        url = {https://software.intel.com/sites/landingpage/IntrinsicsGuide/}
}

@misc{riedl1998movielens,
  title={Movielens dataset},
  author={Riedl, J and Konstan, J},
  year={1998}
}
